<record><leader>00000cas a22000007a 4500</leader><controlfield tag="001">24384810</controlfield><controlfield tag="008">910916d18731880ncuwn ne      0    0eng d</controlfield><datafield ind1=" " ind2=" " tag="010"><subfield code="a">sn 91068143 </subfield></datafield><datafield ind1=" " ind2=" " tag="040"><subfield code="a">NVJ</subfield><subfield code="b">eng</subfield><subfield code="c">NVJ</subfield><subfield code="d">OCLCQ</subfield></datafield><datafield ind1=" " ind2=" " tag="042"><subfield code="a">msc</subfield></datafield><datafield ind1="0" ind2=" " tag="130"><subfield code="a">North Carolina gazette (Fayetteville, N.C. : 1873)</subfield></datafield><datafield ind1="1" ind2="0" tag="245"><subfield code="a">North Carolina gazette.</subfield></datafield><datafield ind1="3" ind2="0" tag="246"><subfield code="a">Daily gazette</subfield></datafield><datafield ind1=" " ind2=" " tag="260"><subfield code="a">Fayetteville, N.C. :</subfield><subfield code="b">J.H. &amp; G.G. Myrover</subfield></datafield><datafield ind1=" " ind2=" " tag="300"><subfield code="a">v.</subfield></datafield><datafield ind1=" " ind2=" " tag="310"><subfield code="a">Weekly</subfield></datafield><datafield ind1="1" ind2=" " tag="362"><subfield code="a">Began with Aug. 7, 1873 issue; ceased in 1880?</subfield></datafield><datafield ind1=" " ind2=" " tag="515"><subfield code="a">Daily ed., published during the Cumberland Co. Fair (Nov. 11-13, 1874), was called Daily gazette.</subfield></datafield><datafield ind1=" " ind2=" " tag="515"><subfield code="a">Issues after Aug. 20, 1874 also carry whole numbering.</subfield></datafield><datafield ind1=" " ind2=" " tag="588"><subfield code="a">Description based on: Vol. 1, no. 3 (Aug. 21, 1873).</subfield></datafield><datafield ind1=" " ind2=" " tag="752"><subfield code="a">United States</subfield><subfield code="b">North Carolina</subfield><subfield code="c">Cumberland</subfield><subfield code="d">Fayetteville.</subfield></datafield></record>